<record><leader>00000cas a22000007a 4500</leader><controlfield tag="001">28744509</controlfield><controlfield tag="008">930903d19181921cauwr ne      0    0eng d</controlfield><datafield ind1=" " ind2=" " tag="010"><subfield code="a">sn 93053390 </subfield></datafield><datafield ind1=" " ind2=" " tag="040"><subfield code="a">CNK</subfield><subfield code="b">eng</subfield><subfield code="c">CNK</subfield><subfield code="d">OCLCQ</subfield></datafield><datafield ind1=" " ind2=" " tag="042"><subfield code="a">msc</subfield></datafield><datafield ind1="0" ind2="0" tag="245"><subfield code="a">Orange star.</subfield></datafield><datafield ind1=" " ind2=" " tag="260"><subfield code="a">Orange, Orange County, Calif. :</subfield><subfield code="b">Taylor &amp; Hagthrop</subfield></datafield><datafield ind1=" " ind2=" " tag="300"><subfield code="a">v.</subfield></datafield><datafield ind1=" " ind2=" " tag="310"><subfield code="a">Weekly,</subfield><subfield code="b">July 23, 1919-</subfield></datafield><datafield ind1=" " ind2=" " tag="321"><subfield code="a">Semiweekly,</subfield><subfield code="b">-Mar. 15, 1918</subfield></datafield><datafield ind1=" " ind2=" " tag="321"><subfield code="a">Triweekly,</subfield><subfield code="b">Mar. 19, 1918-July 18, 1919</subfield></datafield><datafield ind1="1" ind2=" " tag="362"><subfield code="a">Began in 1918.</subfield></datafield><datafield ind1="0" ind2=" " tag="362"><subfield code="a">-v. 36, no. 21 (June 2, 1920) ; v. 31, no. 79 (June 9, 1920)-v. 31, no. 125 (Mar. 30, 1921).</subfield></datafield><datafield ind1=" " ind2=" " tag="515"><subfield code="a">Issues for June 16-30, 1920 lack issue numbering.</subfield></datafield><datafield ind1=" " ind2=" " tag="588"><subfield code="a">Description based on: Vol. 34, no. 81 (Mar. 1, 1918).</subfield></datafield><datafield ind1=" " ind2="4" tag="651"><subfield code="a">Orange (Calif.)</subfield><subfield code="v">Newspapers.</subfield></datafield><datafield ind1=" " ind2=" " tag="752"><subfield code="a">United States</subfield><subfield code="b">California</subfield><subfield code="c">Orange</subfield><subfield code="d">Orange.</subfield></datafield><datafield ind1="0" ind2="0" tag="780"><subfield code="t">Orange semi-weekly star</subfield><subfield code="w">(DLC)sn 93053389</subfield></datafield><datafield ind1="0" ind2="4" tag="785"><subfield code="t">Orange post (Orange, Calif. : 1919)</subfield><subfield code="w">(DLC)sn 93053391</subfield></datafield><datafield ind1="1" ind2=" " tag="029"><subfield code="a">AU@</subfield><subfield code="b">000025906951</subfield></datafield></record>